<record><leader>00000cas a2200000 a 4500</leader><controlfield tag="001">9962166</controlfield><controlfield tag="008">830929d19071917iludn ne      0   a0eng c</controlfield><datafield ind1=" " ind2=" " tag="010"><subfield code="a">sn 93062962 </subfield></datafield><datafield ind1=" " ind2=" " tag="040"><subfield code="a">CRL</subfield><subfield code="b">eng</subfield><subfield code="c">CRL</subfield><subfield code="d">YOX</subfield><subfield code="d">NVF</subfield><subfield code="d">CRL</subfield><subfield code="d">CVF</subfield><subfield code="d">NVF</subfield><subfield code="d">OCLCQ</subfield><subfield code="d">NVF</subfield><subfield code="d">KRTAS</subfield><subfield code="d">OCLCQ</subfield><subfield code="d">NVF</subfield><subfield code="d">OCLCF</subfield><subfield code="d">NVF</subfield><subfield code="d">OCLCO</subfield><subfield code="d">DLC</subfield><subfield code="d">NVF</subfield><subfield code="d">OCLCO</subfield><subfield code="d">OCLCA</subfield><subfield code="d">CRL</subfield><subfield code="d">OCL</subfield><subfield code="d">OCLCO</subfield></datafield><datafield ind1=" " ind2=" " tag="042"><subfield code="a">pcc</subfield></datafield><datafield ind1=" " ind2=" " tag="043"><subfield code="a">n-us---</subfield><subfield code="a">n-us-il</subfield></datafield><datafield ind1="0" ind2="0" tag="245"><subfield code="a">Chicago daily farmers and drovers journal.</subfield></datafield><datafield ind1="1" ind2="3" tag="246"><subfield code="a">Farmers and drovers journal</subfield><subfield code="f">June 26, 1907</subfield></datafield><datafield ind1=" " ind2=" " tag="260"><subfield code="a">Union Stock Yards [Chicago] Ill. :</subfield><subfield code="b">Drovers Journal Pub. Co.,</subfield><subfield code="c">1907-1917.</subfield></datafield><datafield ind1=" " ind2=" " tag="300"><subfield code="a">v.</subfield></datafield><datafield ind1=" " ind2=" " tag="310"><subfield code="a">Daily (except Sunday)</subfield></datafield><datafield ind1="0" ind2=" " tag="362"><subfield code="a">Vol. 37, no. 142 [i.e. 143] (June 26, 1907)-45th year, no. 140 (June 22, 1917).</subfield></datafield><datafield ind1=" " ind2=" " tag="515"><subfield code="a">Continues the numbering of Chicago daily drovers journal and farm news.</subfield></datafield><datafield ind1=" " ind2=" " tag="530"><subfield code="a">Available on microfilm;</subfield><subfield code="b">University of Chicago.</subfield></datafield><datafield ind1=" " ind2=" " tag="580"><subfield code="a">Merged with: Chicago live stock world, to form: Chicago daily drovers journal (Chicago, Ill. : 1917).</subfield></datafield><datafield ind1="2" ind2="0" tag="610"><subfield code="a">Union Stock Yard &amp; Transit Company of Chicago</subfield><subfield code="v">Newspapers.</subfield></datafield><datafield ind1=" " ind2="0" tag="650"><subfield code="a">Drovers</subfield><subfield code="z">United States</subfield><subfield code="v">Newspapers.</subfield></datafield><datafield ind1=" " ind2="0" tag="650"><subfield code="a">Meat industry and trade</subfield><subfield code="z">United States</subfield><subfield code="v">Newspapers.</subfield></datafield><datafield ind1=" " ind2="0" tag="650"><subfield code="a">Animal industry</subfield><subfield code="z">United States</subfield><subfield code="v">Newspapers.</subfield></datafield><datafield ind1=" " ind2="0" tag="650"><subfield code="a">Livestock workers</subfield><subfield code="z">United States</subfield><subfield code="v">Newspapers.</subfield></datafield><datafield ind1=" " ind2="0" tag="651"><subfield code="a">Back of the Yards (Chicago, Ill.)</subfield><subfield code="v">Newspapers.</subfield></datafield><datafield ind1=" " ind2="0" tag="651"><subfield code="a">Chicago (Ill.)</subfield><subfield code="v">Newspapers.</subfield></datafield><datafield ind1=" " ind2="7" tag="655"><subfield code="a">Newspapers.</subfield><subfield code="2">fast</subfield><subfield code="0">(OCoLC)fst01423814</subfield></datafield><datafield ind1="2" ind2="7" tag="610"><subfield code="a">Union Stock Yard &amp; Transit Company of Chicago.</subfield><subfield code="2">fast</subfield><subfield code="0">(OCoLC)fst00726874</subfield></datafield><datafield ind1=" " ind2="7" tag="650"><subfield code="a">Animal industry.</subfield><subfield code="2">fast</subfield><subfield code="0">(OCoLC)fst00809238</subfield></datafield><datafield ind1=" " ind2="7" tag="650"><subfield code="a">Drovers.</subfield><subfield code="2">fast</subfield><subfield code="0">(OCoLC)fst00898469</subfield></datafield><datafield ind1=" " ind2="7" tag="650"><subfield code="a">Livestock workers.</subfield><subfield code="2">fast</subfield><subfield code="0">(OCoLC)fst01000916</subfield></datafield><datafield ind1=" " ind2="7" tag="650"><subfield code="a">Meat industry and trade.</subfield><subfield code="2">fast</subfield><subfield code="0">(OCoLC)fst01013271</subfield></datafield><datafield ind1=" " ind2="7" tag="651"><subfield code="a">Illinois</subfield><subfield code="z">Chicago.</subfield><subfield code="2">fast</subfield><subfield code="0">(OCoLC)fst01204048</subfield></datafield><datafield ind1=" " ind2="7" tag="651"><subfield code="a">Illinois</subfield><subfield code="z">Chicago</subfield><subfield code="z">Back of the Yards.</subfield><subfield code="2">fast</subfield><subfield code="0">(OCoLC)fst01926116</subfield></datafield><datafield ind1=" " ind2="7" tag="651"><subfield code="a">United States.</subfield><subfield code="2">fast</subfield><subfield code="0">(OCoLC)fst01204155</subfield></datafield><datafield ind1=" " ind2=" " tag="752"><subfield code="a">United States</subfield><subfield code="b">Illinois</subfield><subfield code="c">Cook</subfield><subfield code="d">Chicago.</subfield></datafield><datafield ind1="0" ind2=" " tag="775"><subfield code="t">Goodall's farmer</subfield></datafield><datafield ind1="0" ind2="8" tag="776"><subfield code="i">Online version:</subfield><subfield code="t">Chicago daily farmers and drovers journal</subfield><subfield code="w">(OCoLC)902693306</subfield></datafield><datafield ind1="0" ind2="0" tag="780"><subfield code="t">Chicago daily drovers journal and farm news</subfield><subfield code="w">(DLC)sn 93062961</subfield><subfield code="w">(OCoLC)10095793</subfield></datafield><datafield ind1="1" ind2="7" tag="785"><subfield code="t">Chicago live stock world</subfield><subfield code="w">(DLC)sn2008060442</subfield><subfield code="w">(OCoLC)10015828</subfield></datafield><datafield ind1="1" ind2="7" tag="785"><subfield code="t">Chicago daily drovers journal (Chicago, Ill. : 1917)</subfield><subfield code="w">(DLC)sn 93062963</subfield><subfield code="w">(OCoLC)16818121</subfield></datafield><datafield ind1=" " ind2=" " tag="938"><subfield code="a">Kirtas Technologies, Inc.</subfield><subfield code="b">KRTS</subfield><subfield code="n">737504</subfield></datafield></record>